<?xml version="1.0" encoding="UTF-8"?><collection xmlns="http://www.loc.gov/MARC21/slim"><record><leader>00566nam--2200181-i-4500</leader><controlfield tag="001">000032266</controlfield><controlfield tag="002">20161230</controlfield><controlfield tag="005">20161230201039</controlfield><controlfield tag="008">060222s1000------------r-----000-0-fre-d</controlfield><datafield ind1=" " ind2=" " tag="040"><subfield code="a">IFIN-HH</subfield></datafield><datafield ind1=" " ind2=" " tag="041"><subfield code="a">fre</subfield></datafield><datafield ind1=" " ind2=" " tag="080"><subfield code="a">661.888.2:015:539.373</subfield></datafield><datafield ind1="1" ind2=" " tag="100"><subfield code="a">Mazot, Philippe</subfield></datafield><datafield ind1="1" ind2="0" tag="245"><subfield code="a">Contribution a l`etude des mecanismes de la deformation plastique du niobium et de ses alliages entre 20 et 1200 c</subfield><subfield code="b">These</subfield><subfield code="c">Philippe mazot</subfield></datafield><datafield ind1=" " ind2=" " tag="260"><subfield code="a">Poitiers</subfield><subfield code="b">Faculte Des Sciences</subfield><subfield code="c">1970</subfield></datafield><datafield ind1=" " ind2=" " tag="300"><subfield code="a">64P.+ 48 FIG</subfield></datafield><datafield ind1=" " ind2=" " tag="852"><subfield code="a">38030</subfield><subfield code="c">539.3</subfield></datafield><datafield ind1=" " ind2=" " tag="CAT"><subfield code="a">Sys</subfield><subfield code="c">20130121</subfield><subfield code="h">123843</subfield></datafield></record></collection>